<record xmlns="http://www.loc.gov/MARC21/slim" xmlns:xsi="http://www.w3.org/2001/XMLSchema-instance" xsi:schemaLocation="http://www.loc.gov/MARC21/slim http://www.loc.gov/standards/marcxml/schema/MARC21slim.xsd"><leader>03248nam a2200469   4500</leader><controlfield tag="001">001676550</controlfield><controlfield tag="003">NNU</controlfield><controlfield tag="006">m        d        </controlfield><controlfield tag="007">cr cn |||m|||a</controlfield><controlfield tag="008">140707s1963    iq      ob    000 0cara  </controlfield><datafield ind1=" " ind2=" " tag="040"><subfield code="a">NNU</subfield><subfield code="b">eng</subfield><subfield code="e">rda</subfield><subfield code="c">NNU</subfield></datafield><datafield ind1="0" ind2="0" tag="050"><subfield code="a">PJ7617</subfield><subfield code="b">.A4 1963</subfield></datafield><datafield ind1="1" ind2=" " tag="100"><subfield code="6">880-01</subfield><subfield code="a">A&#772;l Ya&#772;si&#772;n, Muh&#803;ammad H&#803;asan.</subfield></datafield><datafield ind1="1" ind2="0" tag="245"><subfield code="6">880-02</subfield><subfield code="a">Nafa&#772;&#700;is al-makht&#803;u&#772;t&#803;a&#772;t /</subfield><subfield code="c">bi-Tah&#803;qi&#772;q Muh&#803;ammad H&#803;asan A&#772;l Ya&#772;si&#772;n.</subfield></datafield><datafield ind1=" " ind2=" " tag="250"><subfield code="6">880-03</subfield><subfield code="a">[al-T&#803;ab&#699;ah 2].</subfield></datafield><datafield ind1=" " ind2=" " tag="260"><subfield code="6">880-04</subfield><subfield code="a">Baghda&#772;d :</subfield><subfield code="b">Maktabat al-Nahd&#803;ah,</subfield><subfield code="c">[1963]</subfield></datafield><datafield ind1=" " ind2=" " tag="300"><subfield code="a">online resource (108 pages)</subfield></datafield><datafield ind1=" " ind2=" " tag="336"><subfield code="a">text</subfield><subfield code="b">txt</subfield><subfield code="2">rdacontent</subfield></datafield><datafield ind1=" " ind2=" " tag="337"><subfield code="a">unmediated</subfield><subfield code="b">n</subfield><subfield code="2">rdamedia</subfield></datafield><datafield ind1=" " ind2=" " tag="338"><subfield code="a">volume</subfield><subfield code="b">nc</subfield><subfield code="2">rdacarrier</subfield></datafield><datafield ind1=" " ind2=" " tag="500"><subfield code="a">Part of the Arabic Collections Online (ACO) project, contributed by New York Univeristy Libraries.</subfield></datafield><datafield ind1=" " ind2=" " tag="504"><subfield code="a">Includes bibliographical references.</subfield></datafield><datafield ind1="0" ind2=" " tag="505"><subfield code="6">880-05</subfield><subfield code="a">al-Iba&#772;nah &#699;an madhhab ahl al-&#699;adl, lil-S&#803;a&#772;h&#803;ib &#699;Abba&#772;d--&#699;Unwa&#772;n al-ma&#699;a&#772;rif wa-dhikr al-khala&#772;&#700;if, lil-S&#803;a&#772;h&#803;ib ibn &#699;Abba&#772;d-- I&#772;ma&#772;n Abi&#772; T&#803;a&#772;lib, lil-Mufi&#772;d Muh&#803;ammad ibn Muh&#803;ammad--al-Ad&#803;da&#772;d fi&#772; al-lughah, li-Ibn al-Dahha&#772;n.</subfield></datafield><datafield ind1=" " ind2=" " tag="533"><subfield code="a">Electronic reproduction.</subfield><subfield code="b">New York, N.Y. :</subfield><subfield code="c">New York University,</subfield><subfield code="d">2014.</subfield><subfield code="5">NNU</subfield></datafield><datafield ind1="1" ind2=" " tag="700"><subfield code="6">880-06</subfield><subfield code="a">S&#803;a&#772;h&#803;ib al-T&#803;a&#772;lqa&#772;ni&#772;, Abu&#772; al-Qa&#772;sim Isma&#772;&#699;i&#772;l ibn &#699;Abba&#772;d,</subfield><subfield code="d">936-995.</subfield><subfield code="t">Iba&#772;nah &#699;an madhhab ahl al-&#699;adl.</subfield></datafield><datafield ind1="1" ind2=" " tag="700"><subfield code="6">880-07</subfield><subfield code="a">S&#803;a&#772;h&#803;ib al-T&#803;a&#772;lqa&#772;ni&#772;, Abu&#772; al-Qa&#772;sim Isma&#772;&#699;i&#772;l ibn &#699;Abba&#772;d,</subfield><subfield code="d">936-995.</subfield><subfield code="t">&#699;Unwa&#772;n al-ma&#699;a&#772;rif wa-dhikr al-khala&#772;&#700;if.</subfield></datafield><datafield ind1="1" ind2=" " tag="700"><subfield code="6">880-08</subfield><subfield code="a">Mufi&#772;d, Muh&#803;ammad ibn Muh&#803;ammad,</subfield><subfield code="d">-1022.</subfield><subfield code="t">I&#772;ma&#772;n Abi&#772; T&#803;a&#772;lib.</subfield></datafield><datafield ind1="1" ind2=" " tag="700"><subfield code="6">880-09</subfield><subfield code="a">Ibn al-Dahha&#772;n, Sa&#699;i&#772;d ibn al-Muba&#772;rak,</subfield><subfield code="d">1101-1174.</subfield><subfield code="t">Ad&#803;da&#772;d fi&#772; al-lughah.</subfield></datafield><datafield ind1="2" ind2=" " tag="710"><subfield code="a">New York University.</subfield><subfield code="b">Libraries.</subfield></datafield><datafield ind1="0" ind2=" " tag="730"><subfield code="a">Arabic Collections Online.</subfield></datafield><datafield ind1="0" ind2="8" tag="776"><subfield code="i">Print version:</subfield><subfield code="a">A&#772;l Ya&#772;si&#772;n, Muh&#803;ammad H&#803;asan.</subfield><subfield code="t">Nafa&#772;&#700;is al-makht&#803;u&#772;t&#803;a&#772;t</subfield><subfield code="w">(NNU)001676550</subfield><subfield code="w">(DLC)ne 67000178 </subfield><subfield code="w">(OCoLC)21439526</subfield></datafield><datafield ind1="4" ind2="0" tag="856"><subfield code="u">http://hdl.handle.net/2333.1/pk0p2q9g</subfield></datafield><datafield ind1="1" ind2=" " tag="880"><subfield code="6">100-01/r</subfield><subfield code="a">&#1570;&#1604; &#1610;&#1575;&#1587;&#1610;&#1606;&#1548; &#1605;&#1581;&#1605;&#1583; &#1581;&#1587;&#1606;.</subfield></datafield><datafield ind1="1" ind2="0" tag="880"><subfield code="6">245-02/r</subfield><subfield code="a">&#1606;&#1601;&#1575;&#1574;&#1587; &#1575;&#1604;&#1605;&#1582;&#1591;&#1608;&#1591;&#1575;&#1578; /</subfield><subfield code="c">&#1576;&#1578;&#1581;&#1602;&#1610;&#1602; &#1605;&#1581;&#1605;&#1583; &#1581;&#1587;&#1606; &#1570;&#1604; &#1610;&#1575;&#1587;&#1610;&#1606;.</subfield></datafield><datafield ind1=" " ind2=" " tag="880"><subfield code="6">250-03/r</subfield><subfield code="a">[&#1575;&#1604;&#1591;&#1576;&#1593;&#1577; 2].</subfield></datafield><datafield ind1=" " ind2=" " tag="880"><subfield code="6">260-04/r</subfield><subfield code="a">&#1576;&#1594;&#1583;&#1575;&#1583; :</subfield><subfield code="b">&#1605;&#1603;&#1578;&#1576;&#1577; &#1575;&#1604;&#1606;&#1607;&#1590;&#1577;&#1548;</subfield><subfield code="c">[1963]</subfield></datafield><datafield ind1="0" ind2="0" tag="880"><subfield code="6">505-05/r</subfield><subfield code="t">&#1575;&#1604;&#1575;&#1576;&#1575;&#1606;&#1577; &#1593;&#1606; &#1605;&#1584;&#1607;&#1576; &#1575;&#1607;&#1604; &#1575;&#1604;&#1593;&#1583;&#1604; /</subfield><subfield code="r">&#1604;&#1604;&#1589;&#1575;&#1581;&#1576; &#1593;&#1576;&#1575;&#1583; --</subfield><subfield code="t">&#1593;&#1606;&#1608;&#1575;&#1606; &#1575;&#1604;&#1605;&#1593;&#1575;&#1585;&#1601; &#1608;&#1584;&#1603;&#1585; &#1575;&#1604;&#1582;&#1604;&#1575;&#1574;&#1601; /</subfield><subfield code="r">&#1604;&#1604;&#1589;&#1575;&#1581;&#1576; &#1576;&#1606; &#1593;&#1576;&#1575;&#1583; --</subfield><subfield code="t">&#1575;&#1610;&#1605;&#1575;&#1606; &#1575;&#1576;&#1610; &#1591;&#1575;&#1604;&#1576; /</subfield><subfield code="r">&#1604;&#1604;&#1605;&#1601;&#1610;&#1583; &#1605;&#1581;&#1605;&#1583; &#1576;&#1606; &#1605;&#1581;&#1605;&#1583; --</subfield><subfield code="t">&#1575;&#1604;&#1575;&#1590;&#1583;&#1575;&#1583; &#1601;&#1610; &#1575;&#1604;&#1604;&#1594;&#1577; /</subfield><subfield code="r">&#1604;&#1575;&#1575;&#1576;&#1606; &#1575;&#1604;&#1583;&#1607;&#1575;&#1606;.</subfield></datafield><datafield ind1="1" ind2=" " tag="880"><subfield code="6">700-06/r</subfield><subfield code="a">&#1589;&#1575;&#1581;&#1576; &#1575;&#1604;&#1591;&#1575;&#1604;&#1602;&#1575;&#1606;&#1610;&#1548; &#1575;&#1576;&#1608; &#1575;&#1604;&#1602;&#1575;&#1587;&#1605; &#1575;&#1587;&#1605;&#1575;&#1593;&#1610;&#1604; &#1576;&#1606; &#1593;&#1576;&#1575;&#1583;&#1548;,</subfield><subfield code="d">936-995.</subfield><subfield code="t">&#1575;&#1576;&#1575;&#1606;&#1577; &#1593;&#1606; &#1605;&#1584;&#1607;&#1576; &#1575;&#1607;&#1604; &#1575;&#1604;&#1593;&#1583;&#1604;.</subfield></datafield><datafield ind1="1" ind2=" " tag="880"><subfield code="6">700-07/r</subfield><subfield code="a">&#1589;&#1575;&#1581;&#1576; &#1575;&#1604;&#1591;&#1575;&#1604;&#1602;&#1575;&#1606;&#1610;&#1548; &#1575;&#1576;&#1608; &#1575;&#1604;&#1602;&#1575;&#1587;&#1605; &#1575;&#1587;&#1605;&#1575;&#1593;&#1610;&#1604; &#1576;&#1606; &#1593;&#1576;&#1575;&#1583;&#1548;,</subfield><subfield code="d">936-995.</subfield><subfield code="t">&#1593;&#1606;&#1608;&#1575;&#1606; &#1575;&#1604;&#1605;&#1593;&#1575;&#1585;&#1601; &#1608;&#1584;&#1603;&#1585; &#1575;&#1604;&#1582;&#1604;&#1575;&#1574;&#1601;.</subfield></datafield><datafield ind1="1" ind2=" " tag="880"><subfield code="6">700-08/r</subfield><subfield code="a">&#1605;&#1601;&#1610;&#1583;&#1548; &#1605;&#1581;&#1605;&#1583; &#1576;&#1606; &#1605;&#1581;&#1605;&#1583;&#1548;,</subfield><subfield code="d">-1022.</subfield><subfield code="t">&#1575;&#1610;&#1605;&#1575;&#1606; &#1575;&#1576;&#1610; &#1591;&#1575;&#1604;&#1576;.</subfield></datafield><datafield ind1="1" ind2=" " tag="880"><subfield code="6">700-09/r</subfield><subfield code="a">&#1575;&#1576;&#1606; &#1575;&#1604;&#1583;&#1607;&#1575;&#1606;&#1548; &#1587;&#1593;&#1610;&#1583; &#1576;&#1606; &#1575;&#1604;&#1605;&#1576;&#1575;&#1585;&#1603;&#1548;,</subfield><subfield code="d">1101-1174.</subfield><subfield code="t">&#1575;&#1590;&#1583;&#1575;&#1583; &#1601;&#1610; &#1575;&#1604;&#1604;&#1594;&#1577;.</subfield></datafield><datafield ind1=" " ind2=" " tag="959"><subfield code="a">NNU</subfield><subfield code="b">WEB</subfield><subfield code="c">GENI</subfield><subfield code="t">0</subfield><subfield code="m">Electronic access</subfield><subfield code="s">01</subfield></datafield></record>